@book{cornelius1970variational,
  title={The variational principles of mechanics},
  author={Cornelius Lanczos},
  volume={4},
  year={1970},
  publisher={Courier Dover Publications}
}
@book{duchateau1992advanced,
  title={Advanced mathematics for engineers and scientists},
  author={DuChateau, Paul},
  year={1992},
  publisher={HarperPerennial}
}
@book{weinstock1974calculus,
  title={Calculus of variations},
  author={Weinstock, Robert},
  year={1974},
  publisher={Courier Dover Publications}
}
@book{petyt1990introduction,
  title={Introduction to finite element vibration analysis},
  author={Petyt, Maurice},
  year={1990},
  publisher={Cambridge university press}
}
@book{lambert1991numerical,
  title={Numerical methods for ordinary differential systems: the initial value problem},
  author={Lambert, John Denholm},
  year={1991},
  publisher={John Wiley \& Sons, Inc.}
}
@article{rao2001finite,
  title={Finite element vibration analysis of rotating Timoshenko beams},
  author={Rao, SS and Gupta, RS},
  journal={Journal of Sound and vibration},
  volume={242},
  number={1},
  pages={103--124},
  year={2001},
  publisher={Elsevier}
}
@article{chung2002dynamic,
  title={Dynamic analysis of a rotating cantilever beam by using the finite element method},
  author={Chung, J and Yoo, Hong Hee},
  journal={Journal of Sound and Vibration},
  volume={249},
  number={1},
  pages={147--164},
  year={2002},
  publisher={Elsevier}
}
@article{kim2013dynamic,
  title={Dynamic model for free vibration and response analysis of rotating beams},
  author={Kim, Hyungrae and Hee Yoo, Hong and Chung, Jintai},
  journal={Journal of Sound and Vibration},
  volume={332},
  number={22},
  pages={5917--5928},
  year={2013},
  publisher={Elsevier}
}
@article{chung2004stability,
  title={Stability analysis for the flapwise motion of a cantilever beam with rotary oscillation},
  author={Chung, Jintai and Jung, Duhan and Yoo, Hong Hee},
  journal={Journal of sound and vibration},
  volume={273},
  number={4},
  pages={1047--1062},
  year={2004},
  publisher={Elsevier}
}
@book{rao1991turbomachine,
  title={Turbomachine blade vibration},
  author={Rao, JS},
  year={1991},
  publisher={New Age International}
}
@article{anderson1983variational,
  title={Variational approach to nonlinear pulse propagation in optical fibers},
  author={Anderson, Dan},
  journal={Physical Review A},
  volume={27},
  pages={3135--3145},
  year={1983}
}
@article{malomed2002variational,
  title={Variational methods in nonlinear fiber optics and related fields},
  author={Malomed, Boris A},
  journal={Progress in Optics},
  volume={43},
  pages={69--191},
  year={2002},
  publisher={Elsevier}
}
@book{axelsson1984finite,
  title={Finite element solution of boundary value problems: theory and computation},
  author={Axelsson, Owe and Barker, Vincent Allan},
  volume={35},
  year={1984},
  publisher={Siam}
}
@book{brenner2008mathematical,
  title={The mathematical theory of finite element methods},
  author={Brenner, Susanne C and Scott, Ridgway},
  volume={15},
  year={2008},
  publisher={Springer}
}
@book{kwon2000finite,
  title={The finite element method using MATLAB},
  author={Kwon, Young W and Bang, Hyochoong},
  year={2000},
  publisher={CRC press}
}