%@article{ART,
%  author =	 "Abraham, T.",
%  title =	 "Mathematical Study of $\gamma$-Rings in a {H}ilbert
%                  Space",
%  journal =	 "J. Math. Anal. Appl.",
%  volume =	 19,
%  pages =	 "125-128",
%  year =	 1984
%}
%
%@booklet{BKL,
%  key =		 "Writing Style",
%  title =	 "Writing Style for the Mathematical Sciences",
%  howpublished = "AMS",
%  address =	 "Providence, RI",
%  year =	 1979
%}
%
%@book{BOK,
%  author =	 "Bankhead, G. T.",
%  title =	 "Modeling and Control in the Mathematical Sciences",
%  series =	 "Lecture Notes in Mathematics",
%  volume =	 69,
%  publisher =	 "Springer",
%  address =	 "Berlin",
%  year =	 1975
%}
%
%@Manual{DTM2010spring,
%  title =	 {San Diego State Univeristy Dissertation and Thesis
%                  Manual: Policies, Procedures and Format},
%  organization = {Montezuma Publishing},
%  month = 	 {Spring},
%  year = 	 2010}
%
%@Misc{EPA-2010-09-07,
%  key =		 {United},
%  howpublished = {\textsc{United States Environments Protection
%                  Agency}},
%  note =	 {\emph{EPA Challenges Colleges to Recycle at Football
%                  Games / Agency encourages fans to Reduce, Reuse,
%                  Recycle.}\/ News Release, Sept.\ 7,
%                  2010. http://yosemite.epa.gov/opa/admpress.nsf/2010\%20Press\%20Releases?OpenView,
%                  accessed September 2010.},
%  annoted =	 {This entry shows how to affect sorting (using the
%                  "key" field), but is not necessarily correct in
%                  other senses of the style guide. If/when you do
%                  something "special," pay extra attention to the
%                  thesis manual and ask the Publisher / Thesis
%                  Reviever if the manual is unclear.  When using the
%                  "siam" bib-style the entry starts with the
%                  howpublished field, and is followed by the note
%                  field.}
%}
%
%@inbook{INB,
%  author =	 "DeWitt, R.",
%  title =	 "Abstract Functional Equations for Fluids",
%  chapter =	 9,
%  pages =	 "274-293",
%  publisher =	 "Addison-Wesley",
%  address =	 "New York",
%  year =	 1983
%}
%
%@incollection{INC,
%  author =	 "Bach, B. J.",
%  title =	 "Homotopy Theory for the delay Differential Equation
%                  $\dot y(t) = {A}y(t-\tau)$",
%  booktitle =	 "Concepts in Differential Equations",
%  editor =	 "Neuerfeldt,F.",
%  publisher =	 "Academic Press",
%  address =	 "Washington, D.C.",
%  volume =	 2,
%  pages =	 "807-876",
%  year =	 1987
%}
%
%@InProceedings{,
%  author = 	 {},
%  title = 	 {},
%  OPTcrossref =  {},
%  OPTkey = 	 {},
%  OPTbooktitle = {},
%  OPTpages = 	 {},
%  OPTyear = 	 {},
%  OPTeditor = 	 {},
%  OPTvolume = 	 {},
%  OPTnumber = 	 {},
%  OPTseries = 	 {},
%  OPTaddress = 	 {},
%  OPTmonth = 	 {},
%  OPTorganization = {},
%  OPTpublisher = {},
%  OPTnote = 	 {},
%  OPTannote = 	 {}
%}
%
%@inproceedings{INP,
%  author =	 "Stuart, B. W.",
%  title =	 "Contour Mappings over Closed ${\Omega}$-Groups",
%  booktitle =	 "Complex Algebras",
%  editor =	 "Avery, G. V.",
%  organization = "SIAM",
%  address =	 "Philadelphia, PA",
%  volume =       "\$VOLUME\_REQUIRED\$",
%  pages =        "\$PAGES\_REQUIRED\$",
%  location =     "\$LOCATION\_REQUIRED\$",
%  year =	 1987
%}
%
%@book{LAM,
%  author =	 "Lamport, L.",
%  title =	 "\LaTeX: A Document Preparation System",
%  publisher =	 "Addison-Wesley",
%  address =	 "Reading, Massachusetts",
%  year =	 1986
%}
%
%@book{LAM2,
%  author =	 "Lamport, L.",
%  title =	 "\LaTeX: A Document Preparation System (doubled reference)",
%  publisher =	 "Addison-Wesley",
%  address =	 "Reading, Massachusetts",
%  year =	 1986
%}
%
%@InCollection{Lehto:1976,
%  AUTHOR =	 {Lehto, Olli},
%  TITLE =	 {On the Boundary Value Problem for Quasiconformal
%                  Mappings},
%  BOOKTITLE =	 {Romanian-Finnish Seminar on Complex Analysis (Proc.,
%                  Bucharest, 1976)},
%  SERIES =	 {Lecture Notes in Math.},
%  VOLUME =	 743,
%  PAGES =	 {184--196},
%  PUBLISHER =	 {Springer},
%  ADDRESS =	 {Berlin},
%  YEAR =	 1979,
%  MRCLASS =	 {30C60 (30C70)},
%  MRNUMBER =	 {81c:30036},
%  MRREVIEWER =	 {K. Strebel},
%}
%
%@article{MJV,
%  author =	 "Mahaffy, J. M. and Jorgensen, D. A. and
%                  Vanderheyden, R. L.",
%  title =	 "Oscillations in a Model of Repression with External
%                  Control",
%  journal =	 "Quart.\ Appl.\ Math.",
%  volume =	 50,
%  pages =	 "415-435",
%  year =	 1992
%}
%
%@mastersthesis{MTH,
%  author =	 "Finknoddle, H. B.",
%  title =	 "Random Processes for $\alpha$-Surds in a Complex
%                  Topology",
%  school =	 "San Diego State University",
%  address =	 "San Diego, CA",
%  year =	 1990
%}
%
%@Book{Milnor:topdiff,
%  author =	 {John W. Milnor},
%  title =	 {{Topology From The Differentiable Viewpoint}},
%  year =	 1969,
%  publisher =	 {The University Press of Virginia},
%  address =	 {Charlottesville, Virginia}
%}
%
%@proceedings{PRO,
%  title =	 "Proceedings of the Conference on Mathematical
%                  Population Genetics",
%  editor =	 "Axelrod, P. and Snow, C. P.",
%  publisher =	 "Marcel Dekker",
%  address =	 "New York",
%  year =	 1982
%}
%
%@Misc{PatentExample,
%  author = 	 {Bill Gates},
%  title = 	 {{The Knife and Fork: Novel Eating Utensils for the
%                  Mass Consumption of Plant and Animal Based Food
%                  Items}},
%  month = 	 {U.S.~Patent~No.~0,000,000.},
%  year = 	 {January 19, 2038}
%}
%
%@techreport{TEC,
%  author =	 "Simon, I. T. and McGeorge, A. M.",
%  title =	 "Integration of Large {B}essel Functions",
%  number =	 284,
%  institution =	 "San Diego State University",
%  address =	 "San Diego, CA",
%  year =	 1989
%}
%
%@unpublished{UNP,
%  author =	 "Slemrod, J. K.",
%  title =	 "${P}$-infinity Norms in the Physical Sciences",
%  note =	 "Unpublished report",
%  year =	 1990
%}
%
%@Misc{Wikipedia,
%  key =		 {AuntWiki},
%  author =	 {Misc Peeps},
%  title =	 {The Truth About Everything},
%  howpublished = {Wikipedia, http://www.wikipedia.com/, accessed
%                  August 2012},
%  year =	 {n.d.}
}
@book{cornelius1970variational,
  title={The variational principles of mechanics},
  author={Cornelius Lanczos},
  volume={4},
  year={1970},
  publisher={Courier Dover Publications}
}
@book{duchateau1992advanced,
  title={Advanced mathematics for engineers and scientists},
  author={DuChateau, Paul},
  year={1992},
  publisher={HarperPerennial}
}
@book{weinstock1974calculus,
  title={Calculus of variations},
  author={Weinstock, Robert},
  year={1974},
  publisher={Courier Dover Publications}
}
@book{petyt1990introduction,
  title={Introduction to finite element vibration analysis},
  author={Petyt, Maurice},
  year={1990},
  publisher={Cambridge university press}
}
@book{lambert1991numerical,
  title={Numerical methods for ordinary differential systems: the initial value problem},
  author={Lambert, J. D.},
  year={1991},
  address={USA},
  publisher={John Wiley \& Sons, Inc.}
}
@article{rao2001finite,
  title={Finite element vibration analysis of rotating Timoshenko beams},
  author={Rao, SS and Gupta, RS},
  journal={Journal of Sound and vibration},
  volume={242},
  number={1},
  pages={103--124},
  year={2001},
  publisher={Elsevier}
}
@article{chung2002dynamic,
  title={Dynamic analysis of a rotating cantilever beam by using the finite element method},
  author={Chung, J and Yoo, Hong Hee},
  journal={Journal of Sound and Vibration},
  volume={249},
  number={1},
  pages={147--164},
  year={2002},
  publisher={Elsevier}
}
@article{kim2013dynamic,
  title={Dynamic model for free vibration and response analysis of rotating beams},
  author={Kim, Hyungrae and Hee Yoo, Hong and Chung, Jintai},
  journal={Journal of Sound and Vibration},
  volume={332},
  number={22},
  pages={5917--5928},
  year={2013},
  publisher={Elsevier}
}
@article{chung2004stability,
  title={Stability analysis for the flapwise motion of a cantilever beam with rotary oscillation},
  author={Chung, Jintai and Jung, Duhan and Yoo, Hong Hee},
  journal={Journal of sound and vibration},
  volume={273},
  number={4},
  pages={1047--1062},
  year={2004},
  publisher={Elsevier}
}
@book{rao1991turbomachine,
  title={Turbomachine blade vibration},
  author={Rao, JS},
  year={1991},
  publisher={New Age International}
}
@article{anderson1983variational,
  title={Variational approach to nonlinear pulse propagation in optical fibers},
  author={Anderson, Dan},
  journal={Physical Review A},
  volume={27},
  pages={3135--3145},
  year={1983}
}
@article{malomed2002variational,
  title={Variational methods in nonlinear fiber optics and related fields},
  author={Malomed, Boris A},
  journal={Progress in Optics},
  volume={43},
  pages={69--191},
  year={2002},
  publisher={Elsevier}
}
@book{axelsson1984finite,
  title={Finite element solution of boundary value problems: theory and computation},
  author={Axelsson, Owe and Barker, Vincent Allan},
  volume={35},
  year={1984},
  publisher={Siam}
}
@book{brenner2008mathematical,
  title={The mathematical theory of finite element methods},
  author={Brenner, Susanne C and Scott, Ridgway},
  volume={15},
  year={2008},
  publisher={Springer}
}
@book{kwon2000finite,
  title={The finite element method using MATLAB},
  author={Kwon, Young W and Bang, Hyochoong},
  year={2000},
  publisher={CRC press}
}
@Misc{boulderstrain4,
  author =	 {Felippa, C.},
  title =	 {Strains},
  howpublished = {Univeristy of Colorado, Boulder. Aerospace Engineering Dept., http://www.colorado.edu/engineering/CAS/courses.d/Structures.d/IAST.Lect04.d/IAST.Lect04.pdf, accessed
                  June 2014},
  year =	 {2013}
}
@Misc{boulderstrain5,
  author =	 {Felippa, C.},
  title =	 {Stress-Strain Material Laws},
  howpublished = {Univeristy of Colorado, Boulder. Aerospace Engineering Dept., http://www.colorado.edu/engineering/CAS/courses.d/Structures.d/IAST.Lect05.d/IAST.Lect05.pdf, accessed
                  June 2014},
  year =	 {2013}
}
@mastersthesis{lima2012thesis,
  author =	 "Lima, M. A.",
  title =	 "Rotating Cantilever Beams: Finite Element Modeling and Vibration Analysis",
  school =	 "University of Porto",
  address =	 "Porto, Portugal",
  year =	 2012
}
@book{reddy1984energy,
  title={Energy and Variational Methods},
  author={Reddy, JN},
  year={1984},
  publisher={John Wiley, New York}
}
@ARTICLE{Tisseur01thequadratic,
    author = {Françoise Tisseur and Karl Meerbergen},
    title = {The Quadratic Eigenvalue Problem},
    journal = {SIAM Rev},
    year = {2001},
    volume = {43},
    pages = {235--286}
}
@article{wright82vibration,
author = {A. D. Wright and C. E. Smith and R. W. Thresher and J. L. C. Wang},
title = {{Vibration Modes of Centrifugally Stiffened Beams}},
journal = {Journal of Applied Mechanics-transactions of The Asme},
volume = {49},
year = {1982},
issue = {1},
doi = {10.1115/1.3161966},
masid = {27121765}
}
@article{wright1982vibration,
  title={Vibration modes of centrifugally stiffened beams},
  author={Wright, AD and Smith, CE and Thresher, RW and Wang, JLC},
  journal={Journal of Applied Mechanics},
  volume={49},
  number={1},
  pages={197--202},
  year={1982},
  publisher={American Society of Mechanical Engineers}
}
@article{yoo2005flapwise,
  title={Flapwise bending vibration analysis of rotating multi-layered composite beams},
  author={Yoo, Hong Hee and Lee, Seung Hyun and Shin, Sang Ha},
  journal={Journal of Sound and Vibration},
  volume={286},
  number={4},
  pages={745--761},
  year={2005},
  publisher={Elsevier}
}
@article{putter1978natural,
  title={Natural frequencies of radial rotating beams},
  author={Putter, S and Manor, H},
  journal={Journal of Sound and Vibration},
  volume={56},
  number={2},
  pages={175--185},
  year={1978},
  publisher={Elsevier}
}
@article{hoa1979vibration,
  title={Vibration of a rotating beam with tip mass},
  author={Hoa, SV},
  journal={Journal of Sound and Vibration},
  volume={67},
  number={3},
  pages={369--381},
  year={1979},
  publisher={Elsevier}
}
@article{lee1992bending,
  title={Bending vibrations of a rotating non-uniform beam with an elastically restrained root},
  author={Lee, SY and Kuo, YH},
  journal={Journal of sound and vibration},
  volume={154},
  number={3},
  pages={441--451},
  year={1992},
  publisher={Elsevier}
}
@article{yokoyama1988free,
  title={Free vibration characteristics of rotating Timoshenko beams},
  author={Yokoyama, T},
  journal={International Journal of Mechanical Sciences},
  volume={30},
  number={10},
  pages={743--755},
  year={1988},
  publisher={Elsevier}
}
@article{yoo1998vibration,
  title={Vibration analysis of rotating cantilever beams},
  author={Yoo, HH and Shin, SH},
  journal={Journal of Sound and Vibration},
  volume={212},
  number={5},
  pages={807--828},
  year={1998},
  publisher={Elsevier}
}
@article{hale1980general,
  title={A general substructure synthesis method for the dynamic simulation of complex structures},
  author={Hale, AL and Meirovitch, L},
  journal={Journal of Sound and Vibration},
  volume={69},
  number={2},
  pages={309--326},
  year={1980},
  publisher={Elsevier}
}
@article{belytschko1973non,
  title={Non-linear transient finite element analysis with convected co-ordinates},
  author={Belytschko, T and Hsieh, BJ},
  journal={International Journal for Numerical Methods in Engineering},
  volume={7},
  number={3},
  pages={255--271},
  year={1973},
  publisher={Wiley Online Library}
}
@article{simo1986dynamics,
  title={On the dynamics of flexible beams under large overall motions—The plane case: Parts I & II},
  author={Simo, JC and Vu-Quoc, L},
  journal={Journal of Applied Mechanics},
  volume={53},
  number={4},
  pages={849--863},
  year={1986},
  publisher={American Society of Mechanical Engineers}
}
@article{christensen1986nonlinear,
  title={Nonlinear finite element modeling of the dynamics of unrestrained flexible structures},
  author={Christensen, ER and Lee, SW},
  journal={Computers \& structures},
  volume={23},
  number={6},
  pages={819--829},
  year={1986},
  publisher={Elsevier}
}
@article{yoo1995dynamics,
  title={Dynamics of flexible beams undergoing overall motions},
  author={Yoo, HH and Ryan, RR and Scott, RA},
  journal={Journal of Sound and vibration},
  volume={181},
  number={2},
  pages={261--278},
  year={1995},
  publisher={Elsevier}
}
@article{yoo2001vibration,
  title={Vibration analysis of rotating pre-twisted blades with a concentrated mass},
  author={Yoo, HH and Kwak, JY and Chung, J},
  journal={Journal of Sound and Vibration},
  volume={240},
  number={5},
  pages={891--908},
  year={2001},
  publisher={Elsevier}
}
@article{yoo2001vibration,
  title={Vibration analysis of rotating pre-twisted blades},
  author={Yoo, Hong Hee and Hun Park, Jung and Park, Janghyun},
  journal={Computers \& Structures},
  volume={79},
  number={19},
  pages={1811--1819},
  year={2001},
  publisher={Pergamon}
}
@book{southwell1922free,
  title={On the free transverse vibrations of airscrew blades},
  author={Southwell, Richard V and Gough, Barbara S},
  year={1922},
  publisher={HM Stationery Office}
}
@article{belytschko1973non,
  title={Non-linear transient finite element analysis with convected co-ordinates},
  author={Belytschko, T and Hsieh, BJ},
  journal={International Journal for Numerical Methods in Engineering},
  volume={7},
  number={3},
  pages={255--271},
  year={1973},
  publisher={John Wiley \& Sons, Ltd}
}
@article{hoa1979vibration,
  title={Vibration of a rotating beam with tip mass},
  author={Hoa, SV},
  journal={Journal of Sound and Vibration},
  volume={67},
  number={3},
  pages={369--381},
  year={1979},
  publisher={Academic Press}
}
@article{hale1980general,
  title={A general substructure synthesis method for the dynamic simulation of complex structures},
  author={Hale, AL and Meirovitch, L},
  journal={Journal of Sound and Vibration},
  volume={69},
  number={2},
  pages={309--326},
  year={1980},
  publisher={Academic Press}
}
@article{christensen1986nonlinear,
  title={Nonlinear finite element modeling of the dynamics of unrestrained flexible structures},
  author={Christensen, ER and Lee, SW},
  journal={Computers \& structures},
  volume={23},
  number={6},
  pages={819--829},
  year={1986},
  publisher={Pergamon}
}
@article{yokoyama1988free,
  title={Free vibration characteristics of rotating Timoshenko beams},
  author={Yokoyama, T},
  journal={International Journal of Mechanical Sciences},
  volume={30},
  number={10},
  pages={743--755},
  year={1988},
  publisher={Pergamon}
}
@article{lee1992bending,
  title={Bending vibrations of a rotating non-uniform beam with an elastically restrained root},
  author={Lee, SY and Kuo, YH},
  journal={Journal of sound and vibration},
  volume={154},
  number={3},
  pages={441--451},
  year={1992},
  publisher={Academic Press}
}
@article{yoo1995dynamics,
  title={Dynamics of flexible beams undergoing overall motions},
  author={Yoo, HH and Ryan, RR and Scott, RA},
  journal={Journal of Sound and vibration},
  volume={181},
  number={2},
  pages={261--278},
  year={1995},
  publisher={Academic Press}
}
@article{yoo2001twist,
  title={Vibration analysis of rotating pre-twisted blades with a concentrated mass},
  author={Yoo, HH and Kwak, JY and Chung, J},
  journal={Journal of Sound and Vibration},
  volume={240},
  number={5},
  pages={891--908},
  year={2001},
  publisher={Academic Press}
}
@article{yoo2001parkpark,
  title={Vibration analysis of rotating pre-twisted blades},
  author={Yoo, Hong Hee and Park, Jung Hun and Park, Janghyun},
  journal={Computers \& Structures},
  volume={79},
  number={19},
  pages={1811--1819},
  year={2001},
  publisher={Pergamon}
}
@article{yoo1998shin,
  title={Vibration analysis of rotating cantilever beams},
  author={Yoo, HH and Shin, SH},
  journal={Journal of Sound and Vibration},
  volume={212},
  number={5},
  pages={807--828},
  year={1998},
  publisher={Academic Press}
}
@article{ozgumus2008flapwise,
  title={Flapwise bending vibration analysis of a rotating double-tapered Timoshenko beam},
  author={Ozgumus, O Ozdemir and Kaya, MO},
  journal={Archive of Applied Mechanics},
  volume={78},
  number={5},
  pages={379--392},
  year={2008},
  publisher={Springer}
}
@article{zhu2011vibrations,
  title={The vibrations of pre-twisted rotating Timoshenko beams by the Rayleigh--Ritz method},
  author={Zhu, T-L},
  journal={Computational Mechanics},
  volume={47},
  number={4},
  pages={395--408},
  year={2011},
  publisher={Springer}
}
@article{kim2013dynamic,
  title={Dynamic model for free vibration and response analysis of rotating beams},
  author={Kim, Hyungrae and Yoo, Hong Hee and Chung, Jintai},
  journal={Journal of Sound and Vibration},
  volume={332},
  number={22},
  pages={5917--5928},
  year={2013},
  publisher={Academic Press}
}